<record><leader>00000cas a22000007a 4500</leader><controlfield tag="001">9462700</controlfield><controlfield tag="008">830429d18741881mauwr ne      0    0eng d</controlfield><datafield ind1=" " ind2=" " tag="010"><subfield code="a">sn 83020625 </subfield></datafield><datafield ind1=" " ind2=" " tag="040"><subfield code="a">NPX</subfield><subfield code="b">eng</subfield><subfield code="c">NPX</subfield><subfield code="d">DLC</subfield><subfield code="d">MGN</subfield><subfield code="d">OCLCQ</subfield></datafield><datafield ind1=" " ind2=" " tag="042"><subfield code="a">msc</subfield></datafield><datafield ind1=" " ind2=" " tag="043"><subfield code="a">n-us-ma</subfield></datafield><datafield ind1="0" ind2="0" tag="050"><subfield code="a">Newspaper 8160-X</subfield></datafield><datafield ind1="0" ind2="4" tag="245"><subfield code="a">The Needham chronicle and Wellesley advertiser.</subfield></datafield><datafield ind1="3" ind2="0" tag="246"><subfield code="a">Wellesley advertiser</subfield></datafield><datafield ind1=" " ind2=" " tag="260"><subfield code="a">Needham, Mass. :</subfield><subfield code="b">George W. Southworth</subfield></datafield><datafield ind1=" " ind2=" " tag="300"><subfield code="a">v. ;</subfield><subfield code="c">49 cm.</subfield></datafield><datafield ind1=" " ind2=" " tag="310"><subfield code="a">Weekly</subfield></datafield><datafield ind1="1" ind2=" " tag="362"><subfield code="a">Began Nov. 28, 1874; ceased May 14, 1881.</subfield></datafield><datafield ind1=" " ind2=" " tag="588"><subfield code="a">Description based on: Vol. 1, no. 2 (Dec. 5, 1874).</subfield></datafield><datafield ind1=" " ind2=" " tag="752"><subfield code="a">United States</subfield><subfield code="b">Massachusetts</subfield><subfield code="c">Norfolk</subfield><subfield code="d">Needham.</subfield></datafield><datafield ind1="0" ind2="0" tag="785"><subfield code="t">Needham chronicle (Needham, Mass. : 1881)</subfield><subfield code="w">(DLC)sn 89063302</subfield></datafield><datafield ind1="1" ind2=" " tag="029"><subfield code="a">AU@</subfield><subfield code="b">000025794081</subfield></datafield></record>